@article{fpn,
  author    = {Tsung{-}Yi Lin and
               Piotr Doll{\'{a}}r and
               Ross B. Girshick and
               Kaiming He and
               Bharath Hariharan and
               Serge J. Belongie},
  title     = {Feature Pyramid Networks for Object Detection},
  journal   = {CoRR},
  volume    = {abs/1612.03144},
  year      = {2016},
  url       = {http://arxiv.org/abs/1612.03144},
  archivePrefix = {arXiv},
  eprint    = {1612.03144},
  timestamp = {Mon, 13 Aug 2018 16:48:50 +0200},
  biburl    = {https://dblp.org/rec/journals/corr/LinDGHHB16.bib},
  bibsource = {dblp computer science bibliography, https://dblp.org}
}

@misc{dpuip,
  author = {Xilinx},
  title = {Zynq DPU v3.1 Product Guide},
  howpublished = "\url{https://www.xilinx.com/support/documentation/ip_documentation/dpu/v3_1/pg338-dpu.pdf}",
  pages={24},
}

@misc{vitis-ai,
  author = {Xilinx},
  title = {Vitis-AI},
  howpublished = "\url{https://www.xilinx.com/products/design-tools/vitis/vitis-ai.html}",
}

@misc{tutorial,
  author = {Xilinx},
  title = {ML-Caffe-Segmentation-Tutorial},
  howpublished = "\url{https://github.com/Xilinx/Vitis-AI-Tutorials/tree/ML-Caffe-Segmentation-Tutorial}",
}


@inproceedings{lovasz,
  title={The Lov{\'a}sz-Softmax loss: A tractable surrogate for the optimization of the intersection-over-union measure in neural networks},
  author={Berman, Maxim and Rannen Triki, Amal and Blaschko, Matthew B},
  booktitle={Proceedings of the IEEE Conference on Computer Vision and Pattern Recognition},
  pages={4413--4421},
  year={2018},
}


@misc{ref_signate_report,
  author = {MTLLAB（谷合 廣紀, 森 大輝）},
  title = {第1回AIエッジコンテストレポート},
  howpublished = "\url{https://static.signate.jp/competitions/138/summaries/AIEdgeContest_Segmentation_2_MTLLAB.pdf}",
}